@BOOK{b01,
title={Digitale Bildverarbeitung},
author={Bernd JÃ¤hne},
year={2002},
publisher={Springer}
}
@BOOK{b02,
title={Geometrische Transformationen},
author={Karl Doehlemann},
year={2017},
publisher={Forgotten Books}
}
@BOOK{b03,
title={MATLAB dummies},
author={Jim Sizemore},
year={2016},
publisher={Wiley-VCH}
}
@BOOK{b04,
title={Fundamentals of Digital Image Processing: A Practical Approach with Examples in Matlab},
author={Chris Solomon},
year={2004},
publisher={Springer}
}
@BOOK{b05,
title={Distinctive image features from scale-invariant keypoints},
author={DAVID G. STORK, PhD; ELAD YOM-TOV, PhD},
year={2004},
publisher={Wiley-Interscience}
}